%% This BibTeX bibliography file was created using BibDesk.
%% http://bibdesk.sourceforge.net/


%% Created for Liam Paull at 2015-03-04 14:53:31 -0500 


%% Saved with string encoding Unicode (UTF-8) 


@string{aaai = {AAAI Conf. on Artificial Intelligence}}

@string{ac = {{IEEE} Trans. on Automatic Control}}

@string{accv = {Asian Conf. on Computer Vision (ACCV)}}

@string{ar = {Autonomous Robots}}

@string{bmvc = {British Machine Vision Conf. (BMVC)}}

@string{brm = {Behavior Research Methods, Instruments, \& Computers}}

@string{cbdar = {Proc. of Camera-based Document Analysis and Recognition (CBDAR)}}

@string{cviu = {Computer Vision and Image Understanding}}

@string{cvpr = {Proc. {IEEE} Int. Conf. Computer Vision and Pattern Recognition (CVPR)}}

@string{drr = {Proc. of SPIE Document Recognition and Retrieval}}

@string{eccv = {Eur. Conf. on Computer Vision (ECCV)}}

@string{emav = {European Micro Aerial Vehicle Conference}}

@string{fsr = {Field and Service Robotics}}

@string{fusion = {Intl. Conf. on Information Fusion (FUSION)}}

@string{icar = {IEEE Intl. Conf. on Advanced Robotics (ICAR)}}

@string{iccv = {Intl. Conf. on Computer Vision (ICCV)}}

@string{icdar = {Proc. of the Intl. Conf. on Document Analysis and Recognition (ICDAR)}}

@string{icpr = {Intl. Conf. on Pattern Recognition (ICPR)}}

@string{icra = {IEEE Intl. Conf. on Robotics and Automation (ICRA)}}

@string{ieee = {Proc. of the IEEE}}

@string{ijcai = {Intl. Joint Conf. on Artificial Intelligence}}

@string{ijcv = {International Journal of Computer Vision}}

@string{ijrr = {Intl. J. of Robotics Research}}

@string{iros = {IEEE/RSJ Intl. Conf. on Intelligent Robots and Systems (IROS)}}

@string{iser = {Intl. Sym. on Experimental Robotics (ISER)}}

@string{ismar = {IEEE and ACM Intl. Sym. on Mixed and Augmented Reality (ISMAR)}}

@string{isrr = {Proc. of the Intl. Symp. of Robotics Research (ISRR)}}

@string{jbe = {{ASME} Journal of Basic Engineering}}

@string{jfr = {J. of Field Robotics}}

@string{joe = {Journal of Oceanic Engineering}}

@string{mit = {The MIT Press, Cambridge, MA}}

@string{mtsj = {Marine Technology Society Journal}}

@string{oceans = {Proceedings of the IEEE/MTS OCEANS Conference and Exhibition}}

@string{pami = {{IEEE} Trans. Pattern Anal. Machine Intell.}}

@string{ram = {{IEEE} Robotics Automation Magazine}}

@string{ras = {Journal of Robotics and Autonomous Systems}}

@string{rss = {Robotics: Science and Systems (RSS)}}

@string{siggraph = {SIGGRAPH}}

@string{tac = {{IEEE} Trans. on Automatic Control}}

@string{tra = {{IEEE} Trans. Robotics and Automation}}

@string{tro = {{IEEE} Trans. Robotics}}

@string{uust = {Proc. Int. Symp. on Unmanned Untethered Submersible Technology}}




@inproceedings{7354005,
   author={T. Hodan and X.Zabulis and M.Lourakis and S. Obdrzalek and J. Matas},
   booktitle = {2015 IEEE/RSJ International Conference on Intelligent Robots and Systems (IROS)},
   title = {Detection and fine 3D pose estimation of texture-less objects in RGB-D images},
   year = {2015},
   pages = {4421-4428},
   keywords={computational complexity;image colour analysis;image filtering;image matching;object detection;optimisation;pose estimation;stochastic programming;3D localization;3D pose estimation;RGB-D images;cascade-style evaluation;computational complexity;contemporary visual object detection;hashing;localization algorithms;matching feature points;prefiltering;sliding window paradigm;stochastic optimization;textureless object detection;voting procedure;Complexity theory;Image edge detection;Iterative closest point algorithm;Object detection;Object recognition;Three-dimensional displays;Training}, 
    doi={10.1109/IROS.2015.7354005}, 
  month={Sept}
}  

@inproceedings{7353560,
    author = {D. Holz and A. Topalidou-Kyniazopoulou and J. Stuckler and S. Behnke},
    booktitle = {2015 IEEE/RSJ International Conference on Intelligent Robots and Systems (IROS)},
    title = {Real-time object detection, localization and verification for fast robotic depalletizing},
    year = {2015},
    pages = {1459-1466},
    keywords = {automotive components;manipulators;motion control;object detection;robotic assembly;automotive;manipulation robot;multiresolution surfel model;object localization;object verification;real-time object detection;robotic depalletizing;Cameras;Robot vision systems;Service robots;Three-dimensional displays},
    doi = {10.1109/IROS.2015.7353560}, 
    month = {Sept}
}

@inproceedings{7758087,
    author = {R. Jonschkowski and C. Eppner and S. Hofer and R. Martin-Martin and O. Brock},
    booktitle = {2016 IEEE/RSJ International Conference on Intelligent Robots and Systems (IROS)},
    title = {Probabilistic multi-class segmentation for the Amazon Picking Challenge},
    year = {2016},
    pages = {1-7},
    keywords = {image colour analysis;image segmentation;probability;production engineering computing;wareousing;Amazon Picking Challenge;RGB-D data;object segmentation;probabilistic multiclass segmentation;red-green-blue-depth data;segmentation techniques;warehouse picking setting;Histograms;Image color analysis;Image segmentation;Probabilistic logic;Robots;Robustness;Three-dimensional displays},
    doi = {10.1109/IROS.2016.7758087}, 
    month = {Oct}
}

@inproceedings{6907778,
    author = {A. C. Muller and S. Behnke},
    booktitle = {2014 IEEE International Conference on Robotics and Automation (ICRA)},
    title = {Learning depth-sensitive conditional random fields for semantic segmentation of RGB-D images},
    year = {2014},
    pages = {6232-6237},
    keywords = {image colour analysis;image segmentation;learning (artificial intelligence);random processes;robot vision;support vector machines;3D scene features;RGB-D image semantic annotation;RGB-D image semantic segmentation;depth-sensitive conditional random fields;energy function;indoor scene NYU V2 dataset;loss-based maximum-margin principle;low-level class predictions;object class prediction optimization;spatial object relations;structural support vector machines;structured learning approach;Image color analysis;Image segmentation;Labeling;Semantics;Support vector machines;Three-dimensional displays;Training}, 
    doi = {10.1109/ICRA.2014.6907778}, 
    ISSN = {1050-4729},
    month = {May}
}

@inproceedings{7354243, 
    author = {Shile Li and Seongyong Koo and Dongheui Lee},
    booktitle = {2015 IEEE/RSJ International COnference on Intelligent Robots and Systems (IROS)},
    title = {Real-time and model-free object tracking using particle filter with Joint Color-Spatial Descriptor},
    year = {2015},
    keywords = {image colour analysis;object tracking;particle filtering (numerical methods);incremental model-free multiple object tracking;input point-cloud data;joint color-spatial descriptor;model-free object tracking;object knowledge;particle filtering framework;point-cloud descriptor;point-cloud scene;point-to-point comparison methods;real-time object tracking;real-time tracking;robust descriptor;segmented point-clouds;unsupervised multiple object segmentation;Adaptation models;Data models;Image color analysis;Object tracking;Real-time systems;Robustness;Three-dimensional displays}, 
    doi = {10.1109/IROS.2015.7354243}, 
    month = {Sept}
}

